%YAML 1.1
%TAG !u! tag:unity3d.com,2011:
--- !u!29 &1
SceneSettings:
  m_ObjectHideFlags: 0
  m_PVSData: 
  m_PVSObjectsArray: []
  m_PVSPortalsArray: []
  m_OcclusionBakeSettings:
    smallestOccluder: 5
    smallestHole: 0.25
    backfaceThreshold: 100
--- !u!104 &2
RenderSettings:
  m_ObjectHideFlags: 0
  serializedVersion: 6
  m_Fog: 0
  m_FogColor: {r: 0.5, g: 0.5, b: 0.5, a: 1}
  m_FogMode: 3
  m_FogDensity: 0.01
  m_LinearFogStart: 0
  m_LinearFogEnd: 300
  m_AmbientSkyColor: {r: 0.212, g: 0.227, b: 0.259, a: 1}
  m_AmbientEquatorColor: {r: 0.114, g: 0.125, b: 0.133, a: 1}
  m_AmbientGroundColor: {r: 0.047, g: 0.043, b: 0.035, a: 1}
  m_AmbientIntensity: 1
  m_AmbientMode: 3
  m_SkyboxMaterial: {fileID: 0}
  m_HaloStrength: 0.5
  m_FlareStrength: 1
  m_FlareFadeSpeed: 3
  m_HaloTexture: {fileID: 0}
  m_SpotCookie: {fileID: 10001, guid: 0000000000000000e000000000000000, type: 0}
  m_DefaultReflectionMode: 0
  m_DefaultReflectionResolution: 128
  m_ReflectionBounces: 1
  m_ReflectionIntensity: 1
  m_CustomReflection: {fileID: 0}
  m_Sun: {fileID: 0}
--- !u!157 &3
LightmapSettings:
  m_ObjectHideFlags: 0
  serializedVersion: 6
  m_GIWorkflowMode: 1
  m_LightmapsMode: 1
  m_GISettings:
    serializedVersion: 2
    m_BounceScale: 1
    m_IndirectOutputScale: 1
    m_AlbedoBoost: 1
    m_TemporalCoherenceThreshold: 1
    m_EnvironmentLightingMode: 0
    m_EnableBakedLightmaps: 0
    m_EnableRealtimeLightmaps: 0
  m_LightmapEditorSettings:
    serializedVersion: 3
    m_Resolution: 2
    m_BakeResolution: 40
    m_TextureWidth: 1024
    m_TextureHeight: 1024
    m_AOMaxDistance: 1
    m_Padding: 2
    m_CompAOExponent: 0
    m_LightmapParameters: {fileID: 0}
    m_TextureCompression: 1
    m_FinalGather: 0
    m_FinalGatherRayCount: 1024
    m_ReflectionCompression: 2
  m_LightingDataAsset: {fileID: 0}
  m_RuntimeCPUUsage: 25
--- !u!196 &4
NavMeshSettings:
  serializedVersion: 2
  m_ObjectHideFlags: 0
  m_BuildSettings:
    serializedVersion: 2
    agentRadius: 0.5
    agentHeight: 2
    agentSlope: 45
    agentClimb: 0.4
    ledgeDropHeight: 0
    maxJumpAcrossDistance: 0
    accuratePlacement: 0
    minRegionArea: 2
    cellSize: 0.16666667
    manualCellSize: 0
  m_NavMeshData: {fileID: 0}
--- !u!1001 &88291250
Prefab:
  m_ObjectHideFlags: 0
  serializedVersion: 2
  m_Modification:
    m_TransformParent: {fileID: 0}
    m_Modifications:
    - target: {fileID: 497246, guid: 68bcb1bfbd65db14e8d1cdcd2042accc, type: 2}
      propertyPath: m_LocalPosition.x
      value: 14
      objectReference: {fileID: 0}
    - target: {fileID: 497246, guid: 68bcb1bfbd65db14e8d1cdcd2042accc, type: 2}
      propertyPath: m_LocalPosition.y
      value: 6
      objectReference: {fileID: 0}
    - target: {fileID: 497246, guid: 68bcb1bfbd65db14e8d1cdcd2042accc, type: 2}
      propertyPath: m_LocalPosition.z
      value: 0
      objectReference: {fileID: 0}
    - target: {fileID: 497246, guid: 68bcb1bfbd65db14e8d1cdcd2042accc, type: 2}
      propertyPath: m_LocalRotation.x
      value: 0
      objectReference: {fileID: 0}
    - target: {fileID: 497246, guid: 68bcb1bfbd65db14e8d1cdcd2042accc, type: 2}
      propertyPath: m_LocalRotation.y
      value: 0
      objectReference: {fileID: 0}
    - target: {fileID: 497246, guid: 68bcb1bfbd65db14e8d1cdcd2042accc, type: 2}
      propertyPath: m_LocalRotation.z
      value: 0.7071068
      objectReference: {fileID: 0}
    - target: {fileID: 497246, guid: 68bcb1bfbd65db14e8d1cdcd2042accc, type: 2}
      propertyPath: m_LocalRotation.w
      value: 0.7071067
      objectReference: {fileID: 0}
    - target: {fileID: 497246, guid: 68bcb1bfbd65db14e8d1cdcd2042accc, type: 2}
      propertyPath: m_RootOrder
      value: 3
      objectReference: {fileID: 0}
    - target: {fileID: 167996, guid: 68bcb1bfbd65db14e8d1cdcd2042accc, type: 2}
      propertyPath: m_Name
      value: Fan (1)
      objectReference: {fileID: 0}
    - target: {fileID: 11433078, guid: 68bcb1bfbd65db14e8d1cdcd2042accc, type: 2}
      propertyPath: fanPropulsion
      value: 15
      objectReference: {fileID: 0}
    - target: {fileID: 11433078, guid: 68bcb1bfbd65db14e8d1cdcd2042accc, type: 2}
      propertyPath: height
      value: 26
      objectReference: {fileID: 0}
    m_RemovedComponents: []
  m_ParentPrefab: {fileID: 100100000, guid: 68bcb1bfbd65db14e8d1cdcd2042accc, type: 2}
  m_IsPrefabParent: 0
--- !u!1001 &148573431
Prefab:
  m_ObjectHideFlags: 0
  serializedVersion: 2
  m_Modification:
    m_TransformParent: {fileID: 1767499313}
    m_Modifications:
    - target: {fileID: 417834, guid: 928b0218b1bee124a8c08dde7f536b11, type: 2}
      propertyPath: m_LocalPosition.x
      value: 12
      objectReference: {fileID: 0}
    - target: {fileID: 417834, guid: 928b0218b1bee124a8c08dde7f536b11, type: 2}
      propertyPath: m_LocalPosition.y
      value: -4
      objectReference: {fileID: 0}
    - target: {fileID: 417834, guid: 928b0218b1bee124a8c08dde7f536b11, type: 2}
      propertyPath: m_LocalPosition.z
      value: 0
      objectReference: {fileID: 0}
    - target: {fileID: 417834, guid: 928b0218b1bee124a8c08dde7f536b11, type: 2}
      propertyPath: m_LocalRotation.x
      value: 0
      objectReference: {fileID: 0}
    - target: {fileID: 417834, guid: 928b0218b1bee124a8c08dde7f536b11, type: 2}
      propertyPath: m_LocalRotation.y
      value: 0
      objectReference: {fileID: 0}
    - target: {fileID: 417834, guid: 928b0218b1bee124a8c08dde7f536b11, type: 2}
      propertyPath: m_LocalRotation.z
      value: 0
      objectReference: {fileID: 0}
    - target: {fileID: 417834, guid: 928b0218b1bee124a8c08dde7f536b11, type: 2}
      propertyPath: m_LocalRotation.w
      value: 1
      objectReference: {fileID: 0}
    - target: {fileID: 417834, guid: 928b0218b1bee124a8c08dde7f536b11, type: 2}
      propertyPath: m_RootOrder
      value: 4
      objectReference: {fileID: 0}
    - target: {fileID: 126058, guid: 928b0218b1bee124a8c08dde7f536b11, type: 2}
      propertyPath: m_Name
      value: Platform (4)
      objectReference: {fileID: 0}
    - target: {fileID: 417834, guid: 928b0218b1bee124a8c08dde7f536b11, type: 2}
      propertyPath: m_LocalScale.x
      value: 4
      objectReference: {fileID: 0}
    - target: {fileID: 417834, guid: 928b0218b1bee124a8c08dde7f536b11, type: 2}
      propertyPath: m_LocalScale.y
      value: 6
      objectReference: {fileID: 0}
    m_RemovedComponents: []
  m_ParentPrefab: {fileID: 100100000, guid: 928b0218b1bee124a8c08dde7f536b11, type: 2}
  m_IsPrefabParent: 0
--- !u!4 &148573432 stripped
Transform:
  m_PrefabParentObject: {fileID: 417834, guid: 928b0218b1bee124a8c08dde7f536b11, type: 2}
  m_PrefabInternal: {fileID: 148573431}
--- !u!1001 &279159669
Prefab:
  m_ObjectHideFlags: 0
  serializedVersion: 2
  m_Modification:
    m_TransformParent: {fileID: 1767499313}
    m_Modifications:
    - target: {fileID: 417834, guid: 928b0218b1bee124a8c08dde7f536b11, type: 2}
      propertyPath: m_LocalPosition.x
      value: 0
      objectReference: {fileID: 0}
    - target: {fileID: 417834, guid: 928b0218b1bee124a8c08dde7f536b11, type: 2}
      propertyPath: m_LocalPosition.y
      value: 10.5
      objectReference: {fileID: 0}
    - target: {fileID: 417834, guid: 928b0218b1bee124a8c08dde7f536b11, type: 2}
      propertyPath: m_LocalPosition.z
      value: 0
      objectReference: {fileID: 0}
    - target: {fileID: 417834, guid: 928b0218b1bee124a8c08dde7f536b11, type: 2}
      propertyPath: m_LocalRotation.x
      value: 0
      objectReference: {fileID: 0}
    - target: {fileID: 417834, guid: 928b0218b1bee124a8c08dde7f536b11, type: 2}
      propertyPath: m_LocalRotation.y
      value: 0
      objectReference: {fileID: 0}
    - target: {fileID: 417834, guid: 928b0218b1bee124a8c08dde7f536b11, type: 2}
      propertyPath: m_LocalRotation.z
      value: 0
      objectReference: {fileID: 0}
    - target: {fileID: 417834, guid: 928b0218b1bee124a8c08dde7f536b11, type: 2}
      propertyPath: m_LocalRotation.w
      value: 1
      objectReference: {fileID: 0}
    - target: {fileID: 417834, guid: 928b0218b1bee124a8c08dde7f536b11, type: 2}
      propertyPath: m_RootOrder
      value: 3
      objectReference: {fileID: 0}
    - target: {fileID: 417834, guid: 928b0218b1bee124a8c08dde7f536b11, type: 2}
      propertyPath: m_LocalScale.x
      value: 32
      objectReference: {fileID: 0}
    - target: {fileID: 417834, guid: 928b0218b1bee124a8c08dde7f536b11, type: 2}
      propertyPath: m_LocalScale.y
      value: 3
      objectReference: {fileID: 0}
    - target: {fileID: 126058, guid: 928b0218b1bee124a8c08dde7f536b11, type: 2}
      propertyPath: m_Name
      value: Platform (3)
      objectReference: {fileID: 0}
    m_RemovedComponents: []
  m_ParentPrefab: {fileID: 100100000, guid: 928b0218b1bee124a8c08dde7f536b11, type: 2}
  m_IsPrefabParent: 0
--- !u!4 &279159670 stripped
Transform:
  m_PrefabParentObject: {fileID: 417834, guid: 928b0218b1bee124a8c08dde7f536b11, type: 2}
  m_PrefabInternal: {fileID: 279159669}
--- !u!1001 &315162377
Prefab:
  m_ObjectHideFlags: 0
  serializedVersion: 2
  m_Modification:
    m_TransformParent: {fileID: 0}
    m_Modifications:
    - target: {fileID: 466536, guid: 051f05ff548cd4140862d22a8ac8d02e, type: 2}
      propertyPath: m_LocalPosition.x
      value: -12
      objectReference: {fileID: 0}
    - target: {fileID: 466536, guid: 051f05ff548cd4140862d22a8ac8d02e, type: 2}
      propertyPath: m_LocalPosition.y
      value: 0
      objectReference: {fileID: 0}
    - target: {fileID: 466536, guid: 051f05ff548cd4140862d22a8ac8d02e, type: 2}
      propertyPath: m_LocalPosition.z
      value: 0
      objectReference: {fileID: 0}
    - target: {fileID: 466536, guid: 051f05ff548cd4140862d22a8ac8d02e, type: 2}
      propertyPath: m_LocalRotation.x
      value: 0
      objectReference: {fileID: 0}
    - target: {fileID: 466536, guid: 051f05ff548cd4140862d22a8ac8d02e, type: 2}
      propertyPath: m_LocalRotation.y
      value: 0
      objectReference: {fileID: 0}
    - target: {fileID: 466536, guid: 051f05ff548cd4140862d22a8ac8d02e, type: 2}
      propertyPath: m_LocalRotation.z
      value: 0
      objectReference: {fileID: 0}
    - target: {fileID: 466536, guid: 051f05ff548cd4140862d22a8ac8d02e, type: 2}
      propertyPath: m_LocalRotation.w
      value: 1
      objectReference: {fileID: 0}
    - target: {fileID: 466536, guid: 051f05ff548cd4140862d22a8ac8d02e, type: 2}
      propertyPath: m_RootOrder
      value: 6
      objectReference: {fileID: 0}
    m_RemovedComponents: []
  m_ParentPrefab: {fileID: 100100000, guid: 051f05ff548cd4140862d22a8ac8d02e, type: 2}
  m_IsPrefabParent: 0
--- !u!1001 &339302245
Prefab:
  m_ObjectHideFlags: 0
  serializedVersion: 2
  m_Modification:
    m_TransformParent: {fileID: 1767499313}
    m_Modifications:
    - target: {fileID: 417834, guid: 928b0218b1bee124a8c08dde7f536b11, type: 2}
      propertyPath: m_LocalPosition.x
      value: 13
      objectReference: {fileID: 0}
    - target: {fileID: 417834, guid: 928b0218b1bee124a8c08dde7f536b11, type: 2}
      propertyPath: m_LocalPosition.y
      value: 3
      objectReference: {fileID: 0}
    - target: {fileID: 417834, guid: 928b0218b1bee124a8c08dde7f536b11, type: 2}
      propertyPath: m_LocalPosition.z
      value: 0
      objectReference: {fileID: 0}
    - target: {fileID: 417834, guid: 928b0218b1bee124a8c08dde7f536b11, type: 2}
      propertyPath: m_LocalRotation.x
      value: 0
      objectReference: {fileID: 0}
    - target: {fileID: 417834, guid: 928b0218b1bee124a8c08dde7f536b11, type: 2}
      propertyPath: m_LocalRotation.y
      value: 0
      objectReference: {fileID: 0}
    - target: {fileID: 417834, guid: 928b0218b1bee124a8c08dde7f536b11, type: 2}
      propertyPath: m_LocalRotation.z
      value: 0
      objectReference: {fileID: 0}
    - target: {fileID: 417834, guid: 928b0218b1bee124a8c08dde7f536b11, type: 2}
      propertyPath: m_LocalRotation.w
      value: 1
      objectReference: {fileID: 0}
    - target: {fileID: 417834, guid: 928b0218b1bee124a8c08dde7f536b11, type: 2}
      propertyPath: m_RootOrder
      value: 5
      objectReference: {fileID: 0}
    - target: {fileID: 126058, guid: 928b0218b1bee124a8c08dde7f536b11, type: 2}
      propertyPath: m_Name
      value: Platform (5)
      objectReference: {fileID: 0}
    - target: {fileID: 417834, guid: 928b0218b1bee124a8c08dde7f536b11, type: 2}
      propertyPath: m_LocalScale.x
      value: 2
      objectReference: {fileID: 0}
    m_RemovedComponents: []
  m_ParentPrefab: {fileID: 100100000, guid: 928b0218b1bee124a8c08dde7f536b11, type: 2}
  m_IsPrefabParent: 0
--- !u!4 &339302246 stripped
Transform:
  m_PrefabParentObject: {fileID: 417834, guid: 928b0218b1bee124a8c08dde7f536b11, type: 2}
  m_PrefabInternal: {fileID: 339302245}
--- !u!1001 &350406327
Prefab:
  m_ObjectHideFlags: 0
  serializedVersion: 2
  m_Modification:
    m_TransformParent: {fileID: 0}
    m_Modifications:
    - target: {fileID: 432204, guid: 4fd4944dc49acbf4e8864b7ed11b9c14, type: 2}
      propertyPath: m_LocalPosition.x
      value: 1
      objectReference: {fileID: 0}
    - target: {fileID: 432204, guid: 4fd4944dc49acbf4e8864b7ed11b9c14, type: 2}
      propertyPath: m_LocalPosition.y
      value: -5
      objectReference: {fileID: 0}
    - target: {fileID: 432204, guid: 4fd4944dc49acbf4e8864b7ed11b9c14, type: 2}
      propertyPath: m_LocalPosition.z
      value: 0
      objectReference: {fileID: 0}
    - target: {fileID: 432204, guid: 4fd4944dc49acbf4e8864b7ed11b9c14, type: 2}
      propertyPath: m_LocalRotation.x
      value: 0
      objectReference: {fileID: 0}
    - target: {fileID: 432204, guid: 4fd4944dc49acbf4e8864b7ed11b9c14, type: 2}
      propertyPath: m_LocalRotation.y
      value: 0
      objectReference: {fileID: 0}
    - target: {fileID: 432204, guid: 4fd4944dc49acbf4e8864b7ed11b9c14, type: 2}
      propertyPath: m_LocalRotation.z
      value: 0
      objectReference: {fileID: 0}
    - target: {fileID: 432204, guid: 4fd4944dc49acbf4e8864b7ed11b9c14, type: 2}
      propertyPath: m_LocalRotation.w
      value: 1
      objectReference: {fileID: 0}
    - target: {fileID: 432204, guid: 4fd4944dc49acbf4e8864b7ed11b9c14, type: 2}
      propertyPath: m_RootOrder
      value: 4
      objectReference: {fileID: 0}
    m_RemovedComponents: []
  m_ParentPrefab: {fileID: 100100000, guid: 4fd4944dc49acbf4e8864b7ed11b9c14, type: 2}
  m_IsPrefabParent: 0
--- !u!1001 &358980800
Prefab:
  m_ObjectHideFlags: 0
  serializedVersion: 2
  m_Modification:
    m_TransformParent: {fileID: 0}
    m_Modifications:
    - target: {fileID: 432204, guid: c8b9194cd7a66bc4cb687cc40d989e96, type: 2}
      propertyPath: m_LocalPosition.x
      value: 4.5
      objectReference: {fileID: 0}
    - target: {fileID: 432204, guid: c8b9194cd7a66bc4cb687cc40d989e96, type: 2}
      propertyPath: m_LocalPosition.y
      value: -5
      objectReference: {fileID: 0}
    - target: {fileID: 432204, guid: c8b9194cd7a66bc4cb687cc40d989e96, type: 2}
      propertyPath: m_LocalPosition.z
      value: 0
      objectReference: {fileID: 0}
    - target: {fileID: 432204, guid: c8b9194cd7a66bc4cb687cc40d989e96, type: 2}
      propertyPath: m_LocalRotation.x
      value: 0
      objectReference: {fileID: 0}
    - target: {fileID: 432204, guid: c8b9194cd7a66bc4cb687cc40d989e96, type: 2}
      propertyPath: m_LocalRotation.y
      value: 0
      objectReference: {fileID: 0}
    - target: {fileID: 432204, guid: c8b9194cd7a66bc4cb687cc40d989e96, type: 2}
      propertyPath: m_LocalRotation.z
      value: 0
      objectReference: {fileID: 0}
    - target: {fileID: 432204, guid: c8b9194cd7a66bc4cb687cc40d989e96, type: 2}
      propertyPath: m_LocalRotation.w
      value: 1
      objectReference: {fileID: 0}
    - target: {fileID: 432204, guid: c8b9194cd7a66bc4cb687cc40d989e96, type: 2}
      propertyPath: m_RootOrder
      value: 5
      objectReference: {fileID: 0}
    m_RemovedComponents: []
  m_ParentPrefab: {fileID: 100100000, guid: c8b9194cd7a66bc4cb687cc40d989e96, type: 2}
  m_IsPrefabParent: 0
--- !u!1001 &376237153
Prefab:
  m_ObjectHideFlags: 0
  serializedVersion: 2
  m_Modification:
    m_TransformParent: {fileID: 1767499313}
    m_Modifications:
    - target: {fileID: 417834, guid: 928b0218b1bee124a8c08dde7f536b11, type: 2}
      propertyPath: m_LocalPosition.x
      value: -12
      objectReference: {fileID: 0}
    - target: {fileID: 417834, guid: 928b0218b1bee124a8c08dde7f536b11, type: 2}
      propertyPath: m_LocalPosition.y
      value: -3.5
      objectReference: {fileID: 0}
    - target: {fileID: 417834, guid: 928b0218b1bee124a8c08dde7f536b11, type: 2}
      propertyPath: m_LocalPosition.z
      value: 0
      objectReference: {fileID: 0}
    - target: {fileID: 417834, guid: 928b0218b1bee124a8c08dde7f536b11, type: 2}
      propertyPath: m_LocalRotation.x
      value: 0
      objectReference: {fileID: 0}
    - target: {fileID: 417834, guid: 928b0218b1bee124a8c08dde7f536b11, type: 2}
      propertyPath: m_LocalRotation.y
      value: 0
      objectReference: {fileID: 0}
    - target: {fileID: 417834, guid: 928b0218b1bee124a8c08dde7f536b11, type: 2}
      propertyPath: m_LocalRotation.z
      value: 0
      objectReference: {fileID: 0}
    - target: {fileID: 417834, guid: 928b0218b1bee124a8c08dde7f536b11, type: 2}
      propertyPath: m_LocalRotation.w
      value: 1
      objectReference: {fileID: 0}
    - target: {fileID: 417834, guid: 928b0218b1bee124a8c08dde7f536b11, type: 2}
      propertyPath: m_RootOrder
      value: 6
      objectReference: {fileID: 0}
    - target: {fileID: 417834, guid: 928b0218b1bee124a8c08dde7f536b11, type: 2}
      propertyPath: m_LocalScale.x
      value: 4
      objectReference: {fileID: 0}
    - target: {fileID: 417834, guid: 928b0218b1bee124a8c08dde7f536b11, type: 2}
      propertyPath: m_LocalScale.y
      value: 7
      objectReference: {fileID: 0}
    - target: {fileID: 126058, guid: 928b0218b1bee124a8c08dde7f536b11, type: 2}
      propertyPath: m_Name
      value: Platform (6)
      objectReference: {fileID: 0}
    m_RemovedComponents: []
  m_ParentPrefab: {fileID: 100100000, guid: 928b0218b1bee124a8c08dde7f536b11, type: 2}
  m_IsPrefabParent: 0
--- !u!4 &376237154 stripped
Transform:
  m_PrefabParentObject: {fileID: 417834, guid: 928b0218b1bee124a8c08dde7f536b11, type: 2}
  m_PrefabInternal: {fileID: 376237153}
--- !u!1001 &605624947
Prefab:
  m_ObjectHideFlags: 0
  serializedVersion: 2
  m_Modification:
    m_TransformParent: {fileID: 0}
    m_Modifications:
    - target: {fileID: 459310, guid: f2348f24e9313a640a2441c130bdb2e6, type: 2}
      propertyPath: m_LocalPosition.x
      value: -2
      objectReference: {fileID: 0}
    - target: {fileID: 459310, guid: f2348f24e9313a640a2441c130bdb2e6, type: 2}
      propertyPath: m_LocalPosition.y
      value: 0
      objectReference: {fileID: 0}
    - target: {fileID: 459310, guid: f2348f24e9313a640a2441c130bdb2e6, type: 2}
      propertyPath: m_LocalPosition.z
      value: 0
      objectReference: {fileID: 0}
    - target: {fileID: 459310, guid: f2348f24e9313a640a2441c130bdb2e6, type: 2}
      propertyPath: m_LocalRotation.x
      value: 0
      objectReference: {fileID: 0}
    - target: {fileID: 459310, guid: f2348f24e9313a640a2441c130bdb2e6, type: 2}
      propertyPath: m_LocalRotation.y
      value: 0
      objectReference: {fileID: 0}
    - target: {fileID: 459310, guid: f2348f24e9313a640a2441c130bdb2e6, type: 2}
      propertyPath: m_LocalRotation.z
      value: 0
      objectReference: {fileID: 0}
    - target: {fileID: 459310, guid: f2348f24e9313a640a2441c130bdb2e6, type: 2}
      propertyPath: m_LocalRotation.w
      value: 1
      objectReference: {fileID: 0}
    - target: {fileID: 459310, guid: f2348f24e9313a640a2441c130bdb2e6, type: 2}
      propertyPath: m_RootOrder
      value: 8
      objectReference: {fileID: 0}
    - target: {fileID: 196306, guid: f2348f24e9313a640a2441c130bdb2e6, type: 2}
      propertyPath: m_Name
      value: Button (1)
      objectReference: {fileID: 0}
    - target: {fileID: 11476756, guid: f2348f24e9313a640a2441c130bdb2e6, type: 2}
      propertyPath: switchable
      value: 
      objectReference: {fileID: 1821624261}
    m_RemovedComponents: []
  m_ParentPrefab: {fileID: 100100000, guid: f2348f24e9313a640a2441c130bdb2e6, type: 2}
  m_IsPrefabParent: 0
--- !u!1001 &617698535
Prefab:
  m_ObjectHideFlags: 0
  serializedVersion: 2
  m_Modification:
    m_TransformParent: {fileID: 1767499313}
    m_Modifications:
    - target: {fileID: 417834, guid: 928b0218b1bee124a8c08dde7f536b11, type: 2}
      propertyPath: m_LocalPosition.x
      value: 9
      objectReference: {fileID: 0}
    - target: {fileID: 417834, guid: 928b0218b1bee124a8c08dde7f536b11, type: 2}
      propertyPath: m_LocalPosition.y
      value: -3.25
      objectReference: {fileID: 0}
    - target: {fileID: 417834, guid: 928b0218b1bee124a8c08dde7f536b11, type: 2}
      propertyPath: m_LocalPosition.z
      value: 0
      objectReference: {fileID: 0}
    - target: {fileID: 417834, guid: 928b0218b1bee124a8c08dde7f536b11, type: 2}
      propertyPath: m_LocalRotation.x
      value: 0
      objectReference: {fileID: 0}
    - target: {fileID: 417834, guid: 928b0218b1bee124a8c08dde7f536b11, type: 2}
      propertyPath: m_LocalRotation.y
      value: 0
      objectReference: {fileID: 0}
    - target: {fileID: 417834, guid: 928b0218b1bee124a8c08dde7f536b11, type: 2}
      propertyPath: m_LocalRotation.z
      value: 0
      objectReference: {fileID: 0}
    - target: {fileID: 417834, guid: 928b0218b1bee124a8c08dde7f536b11, type: 2}
      propertyPath: m_LocalRotation.w
      value: 1
      objectReference: {fileID: 0}
    - target: {fileID: 417834, guid: 928b0218b1bee124a8c08dde7f536b11, type: 2}
      propertyPath: m_RootOrder
      value: 8
      objectReference: {fileID: 0}
    - target: {fileID: 126058, guid: 928b0218b1bee124a8c08dde7f536b11, type: 2}
      propertyPath: m_Name
      value: Platform (8)
      objectReference: {fileID: 0}
    - target: {fileID: 417834, guid: 928b0218b1bee124a8c08dde7f536b11, type: 2}
      propertyPath: m_LocalScale.x
      value: 2
      objectReference: {fileID: 0}
    - target: {fileID: 417834, guid: 928b0218b1bee124a8c08dde7f536b11, type: 2}
      propertyPath: m_LocalScale.y
      value: 1.5
      objectReference: {fileID: 0}
    m_RemovedComponents: []
  m_ParentPrefab: {fileID: 100100000, guid: 928b0218b1bee124a8c08dde7f536b11, type: 2}
  m_IsPrefabParent: 0
--- !u!4 &617698536 stripped
Transform:
  m_PrefabParentObject: {fileID: 417834, guid: 928b0218b1bee124a8c08dde7f536b11, type: 2}
  m_PrefabInternal: {fileID: 617698535}
--- !u!1001 &728243514
Prefab:
  m_ObjectHideFlags: 0
  serializedVersion: 2
  m_Modification:
    m_TransformParent: {fileID: 1767499313}
    m_Modifications:
    - target: {fileID: 417834, guid: 928b0218b1bee124a8c08dde7f536b11, type: 2}
      propertyPath: m_LocalPosition.x
      value: -2
      objectReference: {fileID: 0}
    - target: {fileID: 417834, guid: 928b0218b1bee124a8c08dde7f536b11, type: 2}
      propertyPath: m_LocalPosition.y
      value: -2.5
      objectReference: {fileID: 0}
    - target: {fileID: 417834, guid: 928b0218b1bee124a8c08dde7f536b11, type: 2}
      propertyPath: m_LocalPosition.z
      value: 0
      objectReference: {fileID: 0}
    - target: {fileID: 417834, guid: 928b0218b1bee124a8c08dde7f536b11, type: 2}
      propertyPath: m_LocalRotation.x
      value: 0
      objectReference: {fileID: 0}
    - target: {fileID: 417834, guid: 928b0218b1bee124a8c08dde7f536b11, type: 2}
      propertyPath: m_LocalRotation.y
      value: 0
      objectReference: {fileID: 0}
    - target: {fileID: 417834, guid: 928b0218b1bee124a8c08dde7f536b11, type: 2}
      propertyPath: m_LocalRotation.z
      value: 0
      objectReference: {fileID: 0}
    - target: {fileID: 417834, guid: 928b0218b1bee124a8c08dde7f536b11, type: 2}
      propertyPath: m_LocalRotation.w
      value: 1
      objectReference: {fileID: 0}
    - target: {fileID: 417834, guid: 928b0218b1bee124a8c08dde7f536b11, type: 2}
      propertyPath: m_RootOrder
      value: 10
      objectReference: {fileID: 0}
    - target: {fileID: 417834, guid: 928b0218b1bee124a8c08dde7f536b11, type: 2}
      propertyPath: m_LocalScale.x
      value: 2
      objectReference: {fileID: 0}
    - target: {fileID: 417834, guid: 928b0218b1bee124a8c08dde7f536b11, type: 2}
      propertyPath: m_LocalScale.y
      value: 5
      objectReference: {fileID: 0}
    - target: {fileID: 126058, guid: 928b0218b1bee124a8c08dde7f536b11, type: 2}
      propertyPath: m_Name
      value: Platform (10)
      objectReference: {fileID: 0}
    m_RemovedComponents: []
  m_ParentPrefab: {fileID: 100100000, guid: 928b0218b1bee124a8c08dde7f536b11, type: 2}
  m_IsPrefabParent: 0
--- !u!4 &728243515 stripped
Transform:
  m_PrefabParentObject: {fileID: 417834, guid: 928b0218b1bee124a8c08dde7f536b11, type: 2}
  m_PrefabInternal: {fileID: 728243514}
--- !u!1001 &794228439
Prefab:
  m_ObjectHideFlags: 0
  serializedVersion: 2
  m_Modification:
    m_TransformParent: {fileID: 0}
    m_Modifications:
    - target: {fileID: 497246, guid: 68bcb1bfbd65db14e8d1cdcd2042accc, type: 2}
      propertyPath: m_LocalPosition.x
      value: 14
      objectReference: {fileID: 0}
    - target: {fileID: 497246, guid: 68bcb1bfbd65db14e8d1cdcd2042accc, type: 2}
      propertyPath: m_LocalPosition.y
      value: 1.5
      objectReference: {fileID: 0}
    - target: {fileID: 497246, guid: 68bcb1bfbd65db14e8d1cdcd2042accc, type: 2}
      propertyPath: m_LocalPosition.z
      value: 0
      objectReference: {fileID: 0}
    - target: {fileID: 497246, guid: 68bcb1bfbd65db14e8d1cdcd2042accc, type: 2}
      propertyPath: m_LocalRotation.x
      value: 0
      objectReference: {fileID: 0}
    - target: {fileID: 497246, guid: 68bcb1bfbd65db14e8d1cdcd2042accc, type: 2}
      propertyPath: m_LocalRotation.y
      value: 0
      objectReference: {fileID: 0}
    - target: {fileID: 497246, guid: 68bcb1bfbd65db14e8d1cdcd2042accc, type: 2}
      propertyPath: m_LocalRotation.z
      value: 0.7071068
      objectReference: {fileID: 0}
    - target: {fileID: 497246, guid: 68bcb1bfbd65db14e8d1cdcd2042accc, type: 2}
      propertyPath: m_LocalRotation.w
      value: 0.7071067
      objectReference: {fileID: 0}
    - target: {fileID: 497246, guid: 68bcb1bfbd65db14e8d1cdcd2042accc, type: 2}
      propertyPath: m_RootOrder
      value: 2
      objectReference: {fileID: 0}
    - target: {fileID: 11433078, guid: 68bcb1bfbd65db14e8d1cdcd2042accc, type: 2}
      propertyPath: fanPropulsion
      value: 15
      objectReference: {fileID: 0}
    - target: {fileID: 11433078, guid: 68bcb1bfbd65db14e8d1cdcd2042accc, type: 2}
      propertyPath: height
      value: 26
      objectReference: {fileID: 0}
    m_RemovedComponents: []
  m_ParentPrefab: {fileID: 100100000, guid: 68bcb1bfbd65db14e8d1cdcd2042accc, type: 2}
  m_IsPrefabParent: 0
--- !u!1001 &800150778
Prefab:
  m_ObjectHideFlags: 0
  serializedVersion: 2
  m_Modification:
    m_TransformParent: {fileID: 0}
    m_Modifications:
    - target: {fileID: 459310, guid: f2348f24e9313a640a2441c130bdb2e6, type: 2}
      propertyPath: m_LocalPosition.x
      value: 12
      objectReference: {fileID: 0}
    - target: {fileID: 459310, guid: f2348f24e9313a640a2441c130bdb2e6, type: 2}
      propertyPath: m_LocalPosition.y
      value: -1
      objectReference: {fileID: 0}
    - target: {fileID: 459310, guid: f2348f24e9313a640a2441c130bdb2e6, type: 2}
      propertyPath: m_LocalPosition.z
      value: 0
      objectReference: {fileID: 0}
    - target: {fileID: 459310, guid: f2348f24e9313a640a2441c130bdb2e6, type: 2}
      propertyPath: m_LocalRotation.x
      value: 0
      objectReference: {fileID: 0}
    - target: {fileID: 459310, guid: f2348f24e9313a640a2441c130bdb2e6, type: 2}
      propertyPath: m_LocalRotation.y
      value: 0
      objectReference: {fileID: 0}
    - target: {fileID: 459310, guid: f2348f24e9313a640a2441c130bdb2e6, type: 2}
      propertyPath: m_LocalRotation.z
      value: 0
      objectReference: {fileID: 0}
    - target: {fileID: 459310, guid: f2348f24e9313a640a2441c130bdb2e6, type: 2}
      propertyPath: m_LocalRotation.w
      value: 1
      objectReference: {fileID: 0}
    - target: {fileID: 459310, guid: f2348f24e9313a640a2441c130bdb2e6, type: 2}
      propertyPath: m_RootOrder
      value: 7
      objectReference: {fileID: 0}
    - target: {fileID: 11476756, guid: f2348f24e9313a640a2441c130bdb2e6, type: 2}
      propertyPath: switchable
      value: 
      objectReference: {fileID: 1036255102}
    m_RemovedComponents: []
  m_ParentPrefab: {fileID: 100100000, guid: f2348f24e9313a640a2441c130bdb2e6, type: 2}
  m_IsPrefabParent: 0
--- !u!114 &1036255102 stripped
MonoBehaviour:
  m_PrefabParentObject: {fileID: 11433078, guid: 68bcb1bfbd65db14e8d1cdcd2042accc,
    type: 2}
  m_PrefabInternal: {fileID: 88291250}
  m_Script: {fileID: 11500000, guid: d8785dff996aeb244a7832f737e163ef, type: 3}
--- !u!1001 &1057074133
Prefab:
  m_ObjectHideFlags: 0
  serializedVersion: 2
  m_Modification:
    m_TransformParent: {fileID: 1767499313}
    m_Modifications:
    - target: {fileID: 417834, guid: 928b0218b1bee124a8c08dde7f536b11, type: 2}
      propertyPath: m_LocalPosition.x
      value: -15
      objectReference: {fileID: 0}
    - target: {fileID: 417834, guid: 928b0218b1bee124a8c08dde7f536b11, type: 2}
      propertyPath: m_LocalPosition.y
      value: 1
      objectReference: {fileID: 0}
    - target: {fileID: 417834, guid: 928b0218b1bee124a8c08dde7f536b11, type: 2}
      propertyPath: m_LocalPosition.z
      value: 0
      objectReference: {fileID: 0}
    - target: {fileID: 417834, guid: 928b0218b1bee124a8c08dde7f536b11, type: 2}
      propertyPath: m_LocalRotation.x
      value: 0
      objectReference: {fileID: 0}
    - target: {fileID: 417834, guid: 928b0218b1bee124a8c08dde7f536b11, type: 2}
      propertyPath: m_LocalRotation.y
      value: 0
      objectReference: {fileID: 0}
    - target: {fileID: 417834, guid: 928b0218b1bee124a8c08dde7f536b11, type: 2}
      propertyPath: m_LocalRotation.z
      value: 0
      objectReference: {fileID: 0}
    - target: {fileID: 417834, guid: 928b0218b1bee124a8c08dde7f536b11, type: 2}
      propertyPath: m_LocalRotation.w
      value: 1
      objectReference: {fileID: 0}
    - target: {fileID: 417834, guid: 928b0218b1bee124a8c08dde7f536b11, type: 2}
      propertyPath: m_RootOrder
      value: 1
      objectReference: {fileID: 0}
    - target: {fileID: 126058, guid: 928b0218b1bee124a8c08dde7f536b11, type: 2}
      propertyPath: m_Name
      value: Platform (1)
      objectReference: {fileID: 0}
    - target: {fileID: 417834, guid: 928b0218b1bee124a8c08dde7f536b11, type: 2}
      propertyPath: m_LocalScale.x
      value: 2
      objectReference: {fileID: 0}
    - target: {fileID: 417834, guid: 928b0218b1bee124a8c08dde7f536b11, type: 2}
      propertyPath: m_LocalScale.y
      value: 16
      objectReference: {fileID: 0}
    m_RemovedComponents: []
  m_ParentPrefab: {fileID: 100100000, guid: 928b0218b1bee124a8c08dde7f536b11, type: 2}
  m_IsPrefabParent: 0
--- !u!4 &1057074134 stripped
Transform:
  m_PrefabParentObject: {fileID: 417834, guid: 928b0218b1bee124a8c08dde7f536b11, type: 2}
  m_PrefabInternal: {fileID: 1057074133}
--- !u!1001 &1332199833
Prefab:
  m_ObjectHideFlags: 0
  serializedVersion: 2
  m_Modification:
    m_TransformParent: {fileID: 1767499313}
    m_Modifications:
    - target: {fileID: 417834, guid: 928b0218b1bee124a8c08dde7f536b11, type: 2}
      propertyPath: m_LocalPosition.x
      value: 8
      objectReference: {fileID: 0}
    - target: {fileID: 417834, guid: 928b0218b1bee124a8c08dde7f536b11, type: 2}
      propertyPath: m_LocalPosition.y
      value: -5.5
      objectReference: {fileID: 0}
    - target: {fileID: 417834, guid: 928b0218b1bee124a8c08dde7f536b11, type: 2}
      propertyPath: m_LocalPosition.z
      value: 0
      objectReference: {fileID: 0}
    - target: {fileID: 417834, guid: 928b0218b1bee124a8c08dde7f536b11, type: 2}
      propertyPath: m_LocalRotation.x
      value: 0
      objectReference: {fileID: 0}
    - target: {fileID: 417834, guid: 928b0218b1bee124a8c08dde7f536b11, type: 2}
      propertyPath: m_LocalRotation.y
      value: 0
      objectReference: {fileID: 0}
    - target: {fileID: 417834, guid: 928b0218b1bee124a8c08dde7f536b11, type: 2}
      propertyPath: m_LocalRotation.z
      value: 0
      objectReference: {fileID: 0}
    - target: {fileID: 417834, guid: 928b0218b1bee124a8c08dde7f536b11, type: 2}
      propertyPath: m_LocalRotation.w
      value: 1
      objectReference: {fileID: 0}
    - target: {fileID: 417834, guid: 928b0218b1bee124a8c08dde7f536b11, type: 2}
      propertyPath: m_RootOrder
      value: 7
      objectReference: {fileID: 0}
    - target: {fileID: 126058, guid: 928b0218b1bee124a8c08dde7f536b11, type: 2}
      propertyPath: m_Name
      value: Platform (7)
      objectReference: {fileID: 0}
    - target: {fileID: 417834, guid: 928b0218b1bee124a8c08dde7f536b11, type: 2}
      propertyPath: m_LocalScale.x
      value: 4
      objectReference: {fileID: 0}
    - target: {fileID: 417834, guid: 928b0218b1bee124a8c08dde7f536b11, type: 2}
      propertyPath: m_LocalScale.y
      value: 3
      objectReference: {fileID: 0}
    m_RemovedComponents: []
  m_ParentPrefab: {fileID: 100100000, guid: 928b0218b1bee124a8c08dde7f536b11, type: 2}
  m_IsPrefabParent: 0
--- !u!4 &1332199834 stripped
Transform:
  m_PrefabParentObject: {fileID: 417834, guid: 928b0218b1bee124a8c08dde7f536b11, type: 2}
  m_PrefabInternal: {fileID: 1332199833}
--- !u!1001 &1633508068
Prefab:
  m_ObjectHideFlags: 0
  serializedVersion: 2
  m_Modification:
    m_TransformParent: {fileID: 1767499313}
    m_Modifications:
    - target: {fileID: 417834, guid: 928b0218b1bee124a8c08dde7f536b11, type: 2}
      propertyPath: m_LocalPosition.x
      value: 15
      objectReference: {fileID: 0}
    - target: {fileID: 417834, guid: 928b0218b1bee124a8c08dde7f536b11, type: 2}
      propertyPath: m_LocalPosition.y
      value: 1
      objectReference: {fileID: 0}
    - target: {fileID: 417834, guid: 928b0218b1bee124a8c08dde7f536b11, type: 2}
      propertyPath: m_LocalPosition.z
      value: 0
      objectReference: {fileID: 0}
    - target: {fileID: 417834, guid: 928b0218b1bee124a8c08dde7f536b11, type: 2}
      propertyPath: m_LocalRotation.x
      value: 0
      objectReference: {fileID: 0}
    - target: {fileID: 417834, guid: 928b0218b1bee124a8c08dde7f536b11, type: 2}
      propertyPath: m_LocalRotation.y
      value: 0
      objectReference: {fileID: 0}
    - target: {fileID: 417834, guid: 928b0218b1bee124a8c08dde7f536b11, type: 2}
      propertyPath: m_LocalRotation.z
      value: 0
      objectReference: {fileID: 0}
    - target: {fileID: 417834, guid: 928b0218b1bee124a8c08dde7f536b11, type: 2}
      propertyPath: m_LocalRotation.w
      value: 1
      objectReference: {fileID: 0}
    - target: {fileID: 417834, guid: 928b0218b1bee124a8c08dde7f536b11, type: 2}
      propertyPath: m_RootOrder
      value: 2
      objectReference: {fileID: 0}
    - target: {fileID: 126058, guid: 928b0218b1bee124a8c08dde7f536b11, type: 2}
      propertyPath: m_Name
      value: Platform (2)
      objectReference: {fileID: 0}
    - target: {fileID: 417834, guid: 928b0218b1bee124a8c08dde7f536b11, type: 2}
      propertyPath: m_LocalScale.x
      value: 2
      objectReference: {fileID: 0}
    - target: {fileID: 417834, guid: 928b0218b1bee124a8c08dde7f536b11, type: 2}
      propertyPath: m_LocalScale.y
      value: 16
      objectReference: {fileID: 0}
    m_RemovedComponents: []
  m_ParentPrefab: {fileID: 100100000, guid: 928b0218b1bee124a8c08dde7f536b11, type: 2}
  m_IsPrefabParent: 0
--- !u!4 &1633508069 stripped
Transform:
  m_PrefabParentObject: {fileID: 417834, guid: 928b0218b1bee124a8c08dde7f536b11, type: 2}
  m_PrefabInternal: {fileID: 1633508068}
--- !u!1001 &1649937125
Prefab:
  m_ObjectHideFlags: 0
  serializedVersion: 2
  m_Modification:
    m_TransformParent: {fileID: 0}
    m_Modifications:
    - target: {fileID: 422766, guid: b304756628f5245439788942cff36a1a, type: 2}
      propertyPath: m_LocalPosition.x
      value: 0
      objectReference: {fileID: 0}
    - target: {fileID: 422766, guid: b304756628f5245439788942cff36a1a, type: 2}
      propertyPath: m_LocalPosition.y
      value: 0
      objectReference: {fileID: 0}
    - target: {fileID: 422766, guid: b304756628f5245439788942cff36a1a, type: 2}
      propertyPath: m_LocalPosition.z
      value: 0
      objectReference: {fileID: 0}
    - target: {fileID: 422766, guid: b304756628f5245439788942cff36a1a, type: 2}
      propertyPath: m_LocalRotation.x
      value: 0
      objectReference: {fileID: 0}
    - target: {fileID: 422766, guid: b304756628f5245439788942cff36a1a, type: 2}
      propertyPath: m_LocalRotation.y
      value: 0
      objectReference: {fileID: 0}
    - target: {fileID: 422766, guid: b304756628f5245439788942cff36a1a, type: 2}
      propertyPath: m_LocalRotation.z
      value: 0
      objectReference: {fileID: 0}
    - target: {fileID: 422766, guid: b304756628f5245439788942cff36a1a, type: 2}
      propertyPath: m_LocalRotation.w
      value: 1
      objectReference: {fileID: 0}
    - target: {fileID: 422766, guid: b304756628f5245439788942cff36a1a, type: 2}
      propertyPath: m_RootOrder
      value: 1
      objectReference: {fileID: 0}
    m_RemovedComponents: []
  m_ParentPrefab: {fileID: 100100000, guid: b304756628f5245439788942cff36a1a, type: 2}
  m_IsPrefabParent: 0
--- !u!1 &1767499312
GameObject:
  m_ObjectHideFlags: 0
  m_PrefabParentObject: {fileID: 0}
  m_PrefabInternal: {fileID: 0}
  serializedVersion: 4
  m_Component:
  - 4: {fileID: 1767499313}
  m_Layer: 0
  m_Name: Scenery
  m_TagString: Untagged
  m_Icon: {fileID: 0}
  m_NavMeshLayer: 0
  m_StaticEditorFlags: 0
  m_IsActive: 1
--- !u!4 &1767499313
Transform:
  m_ObjectHideFlags: 0
  m_PrefabParentObject: {fileID: 0}
  m_PrefabInternal: {fileID: 0}
  m_GameObject: {fileID: 1767499312}
  m_LocalRotation: {x: 0, y: 0, z: 0, w: 1}
  m_LocalPosition: {x: 0, y: 0, z: 0}
  m_LocalScale: {x: 1, y: 1, z: 1}
  m_Children:
  - {fileID: 1869460599}
  - {fileID: 1057074134}
  - {fileID: 1633508069}
  - {fileID: 279159670}
  - {fileID: 148573432}
  - {fileID: 339302246}
  - {fileID: 376237154}
  - {fileID: 1332199834}
  - {fileID: 617698536}
  - {fileID: 1843088646}
  - {fileID: 728243515}
  m_Father: {fileID: 0}
  m_RootOrder: 0
--- !u!114 &1821624261 stripped
MonoBehaviour:
  m_PrefabParentObject: {fileID: 11433078, guid: 68bcb1bfbd65db14e8d1cdcd2042accc,
    type: 2}
  m_PrefabInternal: {fileID: 794228439}
  m_Script: {fileID: 11500000, guid: d8785dff996aeb244a7832f737e163ef, type: 3}
--- !u!1001 &1843088645
Prefab:
  m_ObjectHideFlags: 0
  serializedVersion: 2
  m_Modification:
    m_TransformParent: {fileID: 1767499313}
    m_Modifications:
    - target: {fileID: 417834, guid: 928b0218b1bee124a8c08dde7f536b11, type: 2}
      propertyPath: m_LocalPosition.x
      value: 5
      objectReference: {fileID: 0}
    - target: {fileID: 417834, guid: 928b0218b1bee124a8c08dde7f536b11, type: 2}
      propertyPath: m_LocalPosition.y
      value: -6.25
      objectReference: {fileID: 0}
    - target: {fileID: 417834, guid: 928b0218b1bee124a8c08dde7f536b11, type: 2}
      propertyPath: m_LocalPosition.z
      value: 0
      objectReference: {fileID: 0}
    - target: {fileID: 417834, guid: 928b0218b1bee124a8c08dde7f536b11, type: 2}
      propertyPath: m_LocalRotation.x
      value: 0
      objectReference: {fileID: 0}
    - target: {fileID: 417834, guid: 928b0218b1bee124a8c08dde7f536b11, type: 2}
      propertyPath: m_LocalRotation.y
      value: 0
      objectReference: {fileID: 0}
    - target: {fileID: 417834, guid: 928b0218b1bee124a8c08dde7f536b11, type: 2}
      propertyPath: m_LocalRotation.z
      value: 0
      objectReference: {fileID: 0}
    - target: {fileID: 417834, guid: 928b0218b1bee124a8c08dde7f536b11, type: 2}
      propertyPath: m_LocalRotation.w
      value: 1
      objectReference: {fileID: 0}
    - target: {fileID: 417834, guid: 928b0218b1bee124a8c08dde7f536b11, type: 2}
      propertyPath: m_RootOrder
      value: 9
      objectReference: {fileID: 0}
    - target: {fileID: 126058, guid: 928b0218b1bee124a8c08dde7f536b11, type: 2}
      propertyPath: m_Name
      value: Platform (9)
      objectReference: {fileID: 0}
    - target: {fileID: 417834, guid: 928b0218b1bee124a8c08dde7f536b11, type: 2}
      propertyPath: m_LocalScale.x
      value: 2
      objectReference: {fileID: 0}
    - target: {fileID: 417834, guid: 928b0218b1bee124a8c08dde7f536b11, type: 2}
      propertyPath: m_LocalScale.y
      value: 1.5
      objectReference: {fileID: 0}
    m_RemovedComponents: []
  m_ParentPrefab: {fileID: 100100000, guid: 928b0218b1bee124a8c08dde7f536b11, type: 2}
  m_IsPrefabParent: 0
--- !u!4 &1843088646 stripped
Transform:
  m_PrefabParentObject: {fileID: 417834, guid: 928b0218b1bee124a8c08dde7f536b11, type: 2}
  m_PrefabInternal: {fileID: 1843088645}
--- !u!1001 &1869460598
Prefab:
  m_ObjectHideFlags: 0
  serializedVersion: 2
  m_Modification:
    m_TransformParent: {fileID: 1767499313}
    m_Modifications:
    - target: {fileID: 417834, guid: 928b0218b1bee124a8c08dde7f536b11, type: 2}
      propertyPath: m_LocalPosition.x
      value: 0
      objectReference: {fileID: 0}
    - target: {fileID: 417834, guid: 928b0218b1bee124a8c08dde7f536b11, type: 2}
      propertyPath: m_LocalPosition.y
      value: -8
      objectReference: {fileID: 0}
    - target: {fileID: 417834, guid: 928b0218b1bee124a8c08dde7f536b11, type: 2}
      propertyPath: m_LocalPosition.z
      value: 0
      objectReference: {fileID: 0}
    - target: {fileID: 417834, guid: 928b0218b1bee124a8c08dde7f536b11, type: 2}
      propertyPath: m_LocalRotation.x
      value: 0
      objectReference: {fileID: 0}
    - target: {fileID: 417834, guid: 928b0218b1bee124a8c08dde7f536b11, type: 2}
      propertyPath: m_LocalRotation.y
      value: 0
      objectReference: {fileID: 0}
    - target: {fileID: 417834, guid: 928b0218b1bee124a8c08dde7f536b11, type: 2}
      propertyPath: m_LocalRotation.z
      value: 0
      objectReference: {fileID: 0}
    - target: {fileID: 417834, guid: 928b0218b1bee124a8c08dde7f536b11, type: 2}
      propertyPath: m_LocalRotation.w
      value: 1
      objectReference: {fileID: 0}
    - target: {fileID: 417834, guid: 928b0218b1bee124a8c08dde7f536b11, type: 2}
      propertyPath: m_RootOrder
      value: 0
      objectReference: {fileID: 0}
    - target: {fileID: 417834, guid: 928b0218b1bee124a8c08dde7f536b11, type: 2}
      propertyPath: m_LocalScale.x
      value: 32
      objectReference: {fileID: 0}
    - target: {fileID: 417834, guid: 928b0218b1bee124a8c08dde7f536b11, type: 2}
      propertyPath: m_LocalScale.y
      value: 2
      objectReference: {fileID: 0}
    m_RemovedComponents: []
  m_ParentPrefab: {fileID: 100100000, guid: 928b0218b1bee124a8c08dde7f536b11, type: 2}
  m_IsPrefabParent: 0
--- !u!4 &1869460599 stripped
Transform:
  m_PrefabParentObject: {fileID: 417834, guid: 928b0218b1bee124a8c08dde7f536b11, type: 2}
  m_PrefabInternal: {fileID: 1869460598}
